@article{Susobhanan_2021,
   title={{\texttt{pinta}: The uGMRT data processing pipeline for the Indian Pulsar Timing Array}},
   volume={38},
   ISSN={1448-6083},
   url={http://dx.doi.org/10.1017/pasa.2021.12},
   DOI={10.1017/pasa.2021.12},
   journal={Publications of the Astronomical Society of Australia},
   publisher={Cambridge University Press (CUP)},
   author={Susobhanan, Abhimanyu and Maan, Yogesh and Joshi, Bhal Chandra and Prabu, T. and others},
   year={2021} }

@misc{vanstraten2012pulsar,
      title={{Pulsar data analysis with PSRCHIVE}}, 
      author={Willem van Straten and Paul Demorest and Stefan Osłowski},
      year={2012},
      eprint={1205.6276},
      archivePrefix={arXiv},
      primaryClass={astro-ph.IM}
}

@article{Edwards_2006,
   title={{TEMPO2, a new pulsar timing package - II. The timing model and precision estimates}},
   volume={372},
   ISSN={1365-2966},
   url={http://dx.doi.org/10.1111/j.1365-2966.2006.10870.x},
   DOI={10.1111/j.1365-2966.2006.10870.x},
   number={4},
   journal={Monthly Notices of the Royal Astronomical Society},
   publisher={Oxford University Press (OUP)},
   author={Edwards, R. T. and Hobbs, G. B. and Manchester, R. N.},
   year={2006},
   month=nov, pages={1549–1574} }

@book{burkesmith,
  author = {Bernard F. Burke and Francis Graham-Smith},
  year = {2019},
  title = {{An Introduction to Radio Astronomy}},
  publisher = {Cambridge University Press}
}

@book{lorimer,
  author = {Duncan R. Lorimer and Michael Kramer},
  year = {2005},
  title = {{Handbook of Pulsar Astronomy}},
  publisher = {Cambridge University Press}
}

